<record><leader>00000cas a22000007a 4500</leader><controlfield tag="001">24592590</controlfield><controlfield tag="008">911021d19751977mauer ne      0    0eng d</controlfield><datafield ind1=" " ind2=" " tag="010"><subfield code="a">sn 91058114 </subfield></datafield><datafield ind1=" " ind2=" " tag="040"><subfield code="a">MGN</subfield><subfield code="b">eng</subfield><subfield code="c">MGN</subfield><subfield code="d">OCLCQ</subfield></datafield><datafield ind1=" " ind2=" " tag="042"><subfield code="a">msc</subfield></datafield><datafield ind1="0" ind2=" " tag="130"><subfield code="a">Advertiser (Agawam, Mass.)</subfield></datafield><datafield ind1="1" ind2="4" tag="245"><subfield code="a">The advertiser.</subfield></datafield><datafield ind1=" " ind2=" " tag="260"><subfield code="a">[Agawam, MA :</subfield><subfield code="b">s.n.]</subfield></datafield><datafield ind1=" " ind2=" " tag="300"><subfield code="a">v.</subfield></datafield><datafield ind1=" " ind2=" " tag="310"><subfield code="a">Biweekly,</subfield><subfield code="b">Oct. 21, 1976-1977</subfield></datafield><datafield ind1=" " ind2=" " tag="321"><subfield code="a">Monthly,</subfield><subfield code="b">1975-Sept. 23, 1976</subfield></datafield><datafield ind1="0" ind2=" " tag="362"><subfield code="a">Vol. 5, no. 4 (Dec. 18, 1975)-v. 6, no. 16 (June 16, 1977).</subfield></datafield><datafield ind1=" " ind2=" " tag="500"><subfield code="a">"Agawam, Feeding Hills, Southwick, Suffield, West Springfield."</subfield></datafield><datafield ind1=" " ind2=" " tag="752"><subfield code="a">United States</subfield><subfield code="b">Massachusetts</subfield><subfield code="c">Hampden</subfield><subfield code="d">Agawam.</subfield></datafield><datafield ind1=" " ind2=" " tag="752"><subfield code="a">United States</subfield><subfield code="b">Massachusetts</subfield><subfield code="c">Hampden</subfield><subfield code="d">Southwick.</subfield></datafield><datafield ind1=" " ind2=" " tag="752"><subfield code="a">United States</subfield><subfield code="b">Connecticut</subfield><subfield code="c">Hartford</subfield><subfield code="d">Suffield.</subfield></datafield><datafield ind1=" " ind2=" " tag="752"><subfield code="a">United States</subfield><subfield code="b">Massachusetts</subfield><subfield code="c">Hampden</subfield><subfield code="d">West Springfield.</subfield></datafield><datafield ind1="0" ind2="0" tag="780"><subfield code="t">Agawam advertiser (Agawam, Mass. : 1975)</subfield><subfield code="w">(DLC)sn 91058113</subfield></datafield><datafield ind1="0" ind2="0" tag="785"><subfield code="t">Agawam advertiser (Agawam, Mass. : 1977)</subfield><subfield code="w">(DLC)sn 91058115</subfield></datafield></record>